<?xml version="1.0" encoding="UTF-8"?><collection xmlns="http://www.loc.gov/MARC21/slim"><record><leader>00378nam--2200121-i-4500</leader><controlfield tag="001">000043247</controlfield><controlfield tag="002">20161230</controlfield><controlfield tag="005">20161230201043</controlfield><controlfield tag="008">060222s1000------------r-----000-0-eng-d</controlfield><datafield ind1=" " ind2=" " tag="100"><subfield code="a">S Utton George P</subfield></datafield><datafield ind1=" " ind2=" " tag="245"><subfield code="a">Rocket propulsion elements. an introduction to the engineering of rockets. third edition</subfield></datafield><datafield ind1=" " ind2=" " tag="260"><subfield code="a">New York, John Wiley And Sons Inc.,1963. Vii + 464 P</subfield></datafield><datafield ind1=" " ind2=" " tag="852"><subfield code="a">18829</subfield></datafield></record></collection>